@article{einstein,
    author        = {Albert Einstein},
    title         = {Zur Elektrodynamik bewegter K{\"o}rper. (German) [On the electrodynamics of moving bodies]},
    journaltitle  = {Annalen der Physik},
    year          = {1905},
    volume        = {322},
    number        = {10},
    pages         = {891-921},
    doi           = {http://dx.doi.org/10.1002/andp.19053221004}
}

@online{knuthwebsite,
    author        = {Donald Knuth},
    title         = {Knuth: Computers and Typesetting},
    year          = {1984},
    url           = {http://www-cs-faculty.stanford.edu/~uno/abcde.html}
}

@book{latexcompanion,
    author        = {Michel Goossens and Frank Mittelbach and Alexander Samarin},
    title         = {The \LaTeX\ Companion},
    year          = {1993},
    publisher     = {Addison-Wesley},
    location      = {Reading, Massachusetts}
}

@book{woodgate,
  title={Elementary atomic structure},
  author={Woodgate, G. K.},
  isbn={9780198511465},
  lccn={79041673},
  series={Oxford science publications},
  chapter ={2},
  pages = {9--14},
  year={1980},
  publisher={Clarendon Press}
}
@book{woodgate3,
  title={Elementary atomic structure},
  author={Woodgate, G. K.},
  isbn={9780198511465},
  lccn={79041673},
  series={Oxford science publications},
  chapter ={9},
  pages = {168--174},
  year={1980},
  publisher={Clarendon Press}
}
@book{woodgate2,
  title={Elementary atomic structure},
  author={Woodgate, G. K.},
  isbn={9780198511465},
  lccn={79041673},
  series={Oxford science publications},
  chapter ={4},
  pages = {65--68},
  year={1980},
  publisher={Clarendon Press}
}
@book{woodgate1,
  title={Elementary atomic structure},
  author={Woodgate, G. K.},
  isbn={9780198511465},
  lccn={79041673},
  series={Oxford science publications},
  year={1980},
  chapter={3},
  pages={32--36},
  publisher={Clarendon Press}
}
@book{loudon,
  title={The quantum theory of light},
  author={Loudon, R.},
  isbn={9780198511526},
  lccn={83004045},
  series={Oxford science publications},
  url={https://books.google.ca/books?id=\_FTwAAAAMAAJ},
  year={1983},
  publisher={Clarendon Press}
}
@book{bethe,
  title={Quantum mechanics of one- and two-electron atoms},
  author={Bethe, H. A. and Salpeter, E. E.},
  lccn={58003131},
  url={https://books.google.ca/books?id=1ZUuAAAAIAAJ},
  year={1957},
  chapter={17},
  pages={84},
  publisher={Springer}
}
@book{edmonds,
  title={Angular Momentum in Quantum Mechanics},
  author={Edmonds, A. R.},
  isbn={9780691025896},
  lccn={77039796},
  series={Investigations in physics},
  chapter = {5},
  pages = {75},
  year={1996},
  publisher={Princeton University Press}
}
@book{edmonds2,
  title={Angular Momentum in Quantum Mechanics},
  author={Edmonds, A. R.},
  isbn={9780691025896},
  lccn={77039796},
  series={Investigations in physics},
  chapter = {3},
  pages = {37},
  year={1996},
  publisher={Princeton University Press}
}
@book{edmonds7,
  title={Angular Momentum in Quantum Mechanics},
  author={Edmonds, A. R.},
  isbn={9780691025896},
  lccn={77039796},
  series={Investigations in physics},
  chapter = {7},
  pages = {111},
  year={1996},
  publisher={Princeton University Press}
}
@book{schiff1955quantum,
  title={Quantum Mechanics},
  author={Schiff, L. I.},
  lccn={55006170},
  series={International series in pure and applied physics},
  year={1955},
  publisher={McGraw-Hill}
}
@book{brink1993angular,
  title={Angular Momentum},
  author={Brink, D. M. and Satchler, G. R.},
  isbn={9780198517597},
  lccn={93032190},
  series={Oxford science publications},
  year={1993},
  publisher={Clarendon Press}
}
@article {4667,
  title={Relativistic total cross section and angular distribution for Rayleigh scattering by atomic hydrogen},
  author={Safari, L and Amaro, P and Fritzsche, S and Santos, JP and Fratini, F},
  journal={Phys. Rev. A},
  volume={85},
  number={4},
  pages={043406},
  year={2012},
  publisher={APS}
}
@book{variational,
  title={Encyclopedia of applied physics},
  author={Trigg, G. L. and Vera, E. S. and Greulich, W. and American Institute of Physics},
  isbn={9783527294763},
  lccn={91008738},
  series={Encyclopedia of Applied Physics: Unified Field Theories to Zeeman and Stark Effects},
  url={https://books.google.ca/books?id=8RxJAQAAIAAJ},
  year={1998},
  publisher={VCH Publishers}
}
@online{shark,
    author        = {Gordon W. F. Drake},
    title         = {Notes on solving the Schr√∂dinger equation in Hylleraas coordinates for heliumlike atoms},
    year          = {2017},
    url           = {http://drake.sharcnet.ca/mediawiki/index.php/Theory_Notes}
}
@book{jacobi,
  title={Numerical Recipes in FORTRAN 77: Volume 1 of Fortran Numerical Recipes: The Art of Scientific Computing},
  author={Press, W.H. and Flannery, B.P. and Teukolsky, S.A. and Vetterling, W.T.},
  number={v. 2},
  isbn={9780521430647},
  lccn={92008876},
  series={Numerical Recipes in FORTRAN: The Art of Scientific Computing},
  url={https://books.google.ca/books?id=cHxGAAAAYAAJ},
  year={1992},
  publisher={Cambridge University Press}
}
@article{astro,
  title={The spiral structure of the outer part of the galactic system derived from the hydrogen emission at 21 cm wavelength},
  author={Van de Hulst, Hendrik C and Muller, C Alex and Oort, Jan H and others},
  journal={Bulletin of the Astronomical Institutes of the Netherlands},
  volume={12},
  pages={117},
  year={1954}
}
@article{maria,
  title={{\"U}ber elementarakte mit zwei quantenspr{\"u}ngen},
  author={G{\"o}ppert-Mayer, Maria},
  journal={Annalen der Physik},
  volume={401},
  number={3},
  pages={273--294},
  year={1931},
  publisher={Wiley Online Library}
}
@book{drakespringer2006,
  title={Springer handbook of atomic, molecular, and optical physics},
  author={Drake, Gordon W. F.},
  year={2006},
  chapter={66},
  pages={766},
  publisher={Springer Science \& Business Media}
}
@article{dalgarnohelium,
  title={Two-photon decay of the singlet and triplet metastable states of helium-like ions},
  author={Drake, Gordon W. F. and Victor, G. A. and Dalgarno, Alexander},
  journal={Phys. Rev},
  volume={180},
  number={1},
  pages={25},
  year={1969},
  publisher={APS}
}
@article{draketwopA,
    author        = {G. W. F. Drake},
title={Spontaneous two-photon decay rates in hydrogenlike and heliumlike ions},
  journal={Phys. Rev. A},
  volume={34},
  number={4},
  pages={2871},
  year={1986},
  publisher={APS}
}
@article{draketwoprel,
  title={Relativistic two-photon decay rates of 2 s 1 2 hydrogenic ions},
  author={Goldman, S. P. and Drake, Gordon W. F.},
  journal={Phys. Rev. A},
  volume={24},
  number={1},
  pages={183},
  year={1981},
  publisher={APS}
}

@article{mangeticmome,
  title={The nuclear magnetic moment of 208Bi and its relevance for a test of bound-state strong-field QED},
  author={Schmidt, S and Billowes, J and Bissell, ML and Blaum, Klaus and Ruiz, RF Garcia and Heylen, Hanne and Malbrunot-Ettenauer, S and Neyens, G and N{\"o}rtersh{\"a}user, W and Plunien, G and others},
  journal={Physics Letters B},
  volume={779},
  pages={324--330},
  year={2018},
  publisher={Elsevier}
}


@article{hyperfinepuzz,
  title={New Nuclear Magnetic Moment of Bi 209: Resolving the Bismuth Hyperfine Puzzle},
  author={Skripnikov, Leonid V and Schmidt, Stefan and Ullmann, Johannes and Geppert, Christopher and Kraus, Florian and Kresse, Benjamin and N{\"o}rtersh{\"a}user, Wilfried and Privalov, Alexei F and Scheibe, Benjamin and Shabaev, Vladimir M and others},
  journal={Physical review letters},
  volume={120},
  number={9},
  pages={093001},
  year={2018},
  publisher={APS}
}


@article{recombinationA,
  title={Two-photon transitions in hydrogen and cosmological recombination},
  author={Chluba, J and Sunyaev, R. A.},
  journal={Astronomy \& Astrophysics},
  volume={480},
  number={3},
  pages={629--645},
  year={2008},
  publisher={EDP Sciences}
}

@article{recombinationB,
  title={Induced two-photon decay of the 2s level and the rate of cosmological hydrogen recombination},
  author={Chluba, Jens and Sunyaev, R. A.},
  journal={Astronomy \& Astrophysics},
  volume={446},
  number={1},
  pages={39--42},
  year={2006},
  publisher={EDP Sciences}
}
@book{mizushima1970quantum,
  title={Quantum mechanics of atomic spectra and atomic structure},
  author={Mizushima, M.},
  lccn={74091510},
  chapter = {2},
  pages = {36--38},
  year={1970},
  publisher={W. A. Benjamin}
}
@misc{Dehli,
  author        = {G. W. F. Drake},
  title         = {Two-Photon Generalization},
  month         = {September},
  year          = {2017},
  publisher={New Dehli Airport}
}
@article{lifetime,
  title = {Lifetime of the $2S$ State of Atomic Hydrogen},
  author = {Fite, Wade L. and Brackmann, R. T. and Hummer, David G. and Stebbings, R. F.},
  journal = {Phys. Rev.},
  volume = {116},
  issue = {2},
  pages = {363--367},
  numpages = {0},
  year = {1959},
  month = {10},
  publisher = {American Physical Society},
  doi = {10.1103/PhysRev.116.363},
  url = {https://link.aps.org/doi/10.1103/PhysRev.116.363}
}
@article{dalgarnoraman,
  title={Rayleigh and Raman scattering by hydrogen and caesium},
  author={Sadeghpour, HR and Dalgarno, A},
  journal={Journal of Physics B: Atomic, Molecular and Optical Physics},
  volume={25},
  number={22},
  pages={4801},
  year={1992},
  publisher={IOP Publishing}
}
@article{demidov1962two,
  title={Two-Photon Transitions between Hyperfine-Structure Levels of the 1S State of the Hydrogen Atom},
  author={Demidov, VP},
  journal={Astron. Zhur.},
  volume={5},
  year={1962}
}